
    <marc:record>
        <marc:leader>02587cpcaa2200409Ii 4500</marc:leader>
        <marc:controlfield tag="001">004261002</marc:controlfield>
        <marc:controlfield tag="005">20170106094943.0</marc:controlfield>
        <marc:controlfield tag="008">100628i18071807kyu                 eng d</marc:controlfield>
        <marc:datafield tag="024" ind1="8" ind2=" ">
            <marc:subfield code="a">alveswalter</marc:subfield>
            <marc:subfield code="d">DUKEPLEAD</marc:subfield>
        </marc:datafield>
        <marc:datafield tag="035" ind1=" " ind2=" ">
            <marc:subfield code="a">644143262</marc:subfield>
        </marc:datafield>
        <marc:datafield tag="040" ind1=" " ind2=" ">
            <marc:subfield code="a">NDD</marc:subfield>
            <marc:subfield code="b">eng</marc:subfield>
            <marc:subfield code="e">rda</marc:subfield>
            <marc:subfield code="e">dacs</marc:subfield>
            <marc:subfield code="c">NDD</marc:subfield>
            <marc:subfield code="d">NDD</marc:subfield>
            <marc:subfield code="d">OCLCF</marc:subfield>
            <marc:subfield code="d">OCLCO</marc:subfield>
            <marc:subfield code="d">OCL</marc:subfield>
            <marc:subfield code="d">NDD</marc:subfield>
        </marc:datafield>
        <marc:datafield tag="049" ind1=" " ind2=" ">
            <marc:subfield code="a">NDDP</marc:subfield>
        </marc:datafield>
        <marc:datafield tag="090" ind1=" " ind2=" ">
            <marc:subfield code="a">RL.00030</marc:subfield>
        </marc:datafield>
        <marc:datafield tag="100" ind1="1" ind2=" ">
            <marc:subfield code="a">Alves, Walter,</marc:subfield>
            <marc:subfield code="d">1768-1819,</marc:subfield>
            <marc:subfield code="e">creator.</marc:subfield>
        </marc:datafield>
        <marc:datafield tag="245" ind1="1" ind2="0">
            <marc:subfield code="a">Walter Alves plantation inventory,</marc:subfield>
            <marc:subfield code="f">1807 Sept. 30.</marc:subfield>
        </marc:datafield>
        <marc:datafield tag="300" ind1=" " ind2=" ">
            <marc:subfield code="a">1</marc:subfield>
            <marc:subfield code="f">item</marc:subfield>
            <marc:subfield code="a">(0.1</marc:subfield>
            <marc:subfield code="f">linear ft.)</marc:subfield>
        </marc:datafield>
        <marc:datafield tag="336" ind1=" " ind2=" ">
            <marc:subfield code="a">text</marc:subfield>
            <marc:subfield code="b">txt</marc:subfield>
            <marc:subfield code="2">rdacontent</marc:subfield>
        </marc:datafield>
        <marc:datafield tag="337" ind1=" " ind2=" ">
            <marc:subfield code="a">unmediated</marc:subfield>
            <marc:subfield code="b">n</marc:subfield>
            <marc:subfield code="2">rdamedia</marc:subfield>
        </marc:datafield>
        <marc:datafield tag="338" ind1=" " ind2=" ">
            <marc:subfield code="a">sheet</marc:subfield>
            <marc:subfield code="b">nb</marc:subfield>
            <marc:subfield code="2">rdacarrier</marc:subfield>
        </marc:datafield>
        <marc:datafield tag="545" ind1=" " ind2=" ">
            <marc:subfield code="a">Landowner, state legislator, and university trustee, of Orange Co., N.C.; had considerable land holdings in several southern states.</marc:subfield>
        </marc:datafield>
        <marc:datafield tag="520" ind1="8" ind2=" ">
            <marc:subfield code="a">Collection comprises an inventory (8 pgs.) with a &quot;List of negroes, stock of horses, cattle, and hogs; and plantation utensils of every kind, belonging to Walter Alves at the Diamond Island plantation, on Ohio, in the County of Henderson and state of Kentucky.&quot; Eighteen slaves are listed on the first page, by name; men included Grey, Jim, Lewis (&quot;since sold to Mr. John Standley&quot;), and Tom, and women were listed as Hannah, Lucy (&quot;sold to John Rankin&quot;), Flora, and Fanny. Ten children were noted, including Flora's son John, and Hannah's John or Jack, as well as Tim, Ty, Henry, Dilcy, Charity, Marianne, Jenny, and Winifred. There was an additional notation that &quot;Old Boon &amp; his wife Leah sent out/in Feby 1808 by John Goss.&quot; As for horses, the inventory listed 29 work horses, brood mares, fillies, and colts. Alvez also owned 36 head of cattle and 129 hogs. The last two inventory pages listed utensils, including a weaving loom, flat boat, ploughs, axes, saws, and tools.</marc:subfield>
        </marc:datafield>
        <marc:datafield tag="500" ind1=" " ind2=" ">
            <marc:subfield code="a">Cataloged from item.</marc:subfield>
        </marc:datafield>
        <marc:datafield tag="590" ind1=" " ind2=" ">
            <marc:subfield code="a">*alp</marc:subfield>
        </marc:datafield>
        <marc:datafield tag="541" ind1=" " ind2=" ">
            <marc:subfield code="a">.</marc:subfield>
            <marc:subfield code="c">Purchase</marc:subfield>
            <marc:subfield code="d">2009;</marc:subfield>
            <marc:subfield code="e">2009-0247</marc:subfield>
        </marc:datafield>
        <marc:datafield tag="590" ind1=" " ind2=" ">
            <marc:subfield code="a">*alp</marc:subfield>
        </marc:datafield>
        <marc:datafield tag="544" ind1=" " ind2=" ">
            <marc:subfield code="d">See also Walter Alves papers (#3792), in the</marc:subfield>
            <marc:subfield code="a">Southern Historical Collection, University of North Carolina at Chapel Hill.</marc:subfield>
        </marc:datafield>
        <marc:datafield tag="600" ind1="1" ind2="0">
            <marc:subfield code="a">Alves, Walter,</marc:subfield>
            <marc:subfield code="d">1768-1819.</marc:subfield>
        </marc:datafield>
        <marc:datafield tag="650" ind1=" " ind2="0">
            <marc:subfield code="a">Plantations</marc:subfield>
            <marc:subfield code="v">Records and correspondence.</marc:subfield>
        </marc:datafield>
        <marc:datafield tag="650" ind1=" " ind2="0">
            <marc:subfield code="a">Plantations</marc:subfield>
            <marc:subfield code="z">Kentucky.</marc:subfield>
        </marc:datafield>
        <marc:datafield tag="650" ind1=" " ind2="0">
            <marc:subfield code="a">Slave records</marc:subfield>
            <marc:subfield code="z">Kentucky.</marc:subfield>
        </marc:datafield>
        <marc:datafield tag="650" ind1=" " ind2="0">
            <marc:subfield code="a">Slavery</marc:subfield>
            <marc:subfield code="z">Kentucky.</marc:subfield>
        </marc:datafield>
        <marc:datafield tag="650" ind1=" " ind2="0">
            <marc:subfield code="a">Plantations</marc:subfield>
            <marc:subfield code="z">Kentucky</marc:subfield>
            <marc:subfield code="z">Henderson County.</marc:subfield>
        </marc:datafield>
        <marc:datafield tag="650" ind1=" " ind2="0">
            <marc:subfield code="a">Plantations</marc:subfield>
            <marc:subfield code="z">Kentucky</marc:subfield>
            <marc:subfield code="x">History</marc:subfield>
            <marc:subfield code="y">19th century.</marc:subfield>
        </marc:datafield>
        <marc:datafield tag="650" ind1=" " ind2="0">
            <marc:subfield code="a">Plantation owners</marc:subfield>
            <marc:subfield code="z">Kentucky.</marc:subfield>
        </marc:datafield>
        <marc:datafield tag="651" ind1=" " ind2="0">
            <marc:subfield code="a">Henderson County (Ky.)</marc:subfield>
            <marc:subfield code="x">History.</marc:subfield>
        </marc:datafield>
        <marc:datafield tag="651" ind1=" " ind2="0">
            <marc:subfield code="a">Henderson County (Ky.)</marc:subfield>
            <marc:subfield code="x">Economic conditions.</marc:subfield>
        </marc:datafield>
        <marc:datafield tag="856" ind1="4" ind2="2">
            <marc:subfield code="y">Collection guide</marc:subfield>
            <marc:subfield code="u">http://library.duke.edu/digitalcollections/rbmscl/alveswalter/inv/</marc:subfield>
        </marc:datafield>
    </marc:record>