
    <marc:record>
        <marc:leader>04581cpcaa2200589Ii 4500</marc:leader>
        <marc:controlfield tag="001">003834604</marc:controlfield>
        <marc:controlfield tag="005">20170106100812.0</marc:controlfield>
        <marc:controlfield tag="008">080131i18381922xxu                 eng d</marc:controlfield>
        <marc:datafield tag="035" ind1=" " ind2=" ">
            <marc:subfield code="a">191734494</marc:subfield>
        </marc:datafield>
        <marc:datafield tag="040" ind1=" " ind2=" ">
            <marc:subfield code="a">NDD</marc:subfield>
            <marc:subfield code="b">eng</marc:subfield>
            <marc:subfield code="e">rda</marc:subfield>
            <marc:subfield code="e">dacs</marc:subfield>
            <marc:subfield code="c">NDD</marc:subfield>
            <marc:subfield code="d">NDD</marc:subfield>
            <marc:subfield code="d">OCLCG</marc:subfield>
            <marc:subfield code="d">OCLCQ</marc:subfield>
            <marc:subfield code="d">OCLCO</marc:subfield>
            <marc:subfield code="d">OCLCA</marc:subfield>
            <marc:subfield code="d">NDD</marc:subfield>
        </marc:datafield>
        <marc:datafield tag="041" ind1=" " ind2=" ">
            <marc:subfield code="a">eng</marc:subfield>
        </marc:datafield>
        <marc:datafield tag="043" ind1=" " ind2=" ">
            <marc:subfield code="a">n-us---</marc:subfield>
            <marc:subfield code="a">e-uk---</marc:subfield>
            <marc:subfield code="a">e-uk-en</marc:subfield>
            <marc:subfield code="a">n-us-md</marc:subfield>
            <marc:subfield code="a">n-us-ky</marc:subfield>
        </marc:datafield>
        <marc:datafield tag="049" ind1=" " ind2=" ">
            <marc:subfield code="a">NDDP</marc:subfield>
        </marc:datafield>
        <marc:datafield tag="100" ind1="0" ind2=" ">
            <marc:subfield code="a">Amelia,</marc:subfield>
            <marc:subfield code="d">1819-1852,</marc:subfield>
            <marc:subfield code="e">creator.</marc:subfield>
        </marc:datafield>
        <marc:datafield tag="245" ind1="1" ind2="0">
            <marc:subfield code="a">Amelia Ball Coppuck Welby papers,</marc:subfield>
            <marc:subfield code="f">1838-1922 and undated.</marc:subfield>
        </marc:datafield>
        <marc:datafield tag="264" ind1=" " ind2="0">
            <marc:subfield code="c">1838-1922 and undated.</marc:subfield>
        </marc:datafield>
        <marc:datafield tag="300" ind1=" " ind2=" ">
            <marc:subfield code="a">25</marc:subfield>
            <marc:subfield code="f">items</marc:subfield>
            <marc:subfield code="a">(.1</marc:subfield>
            <marc:subfield code="f">lin. ft.)</marc:subfield>
        </marc:datafield>
        <marc:datafield tag="336" ind1=" " ind2=" ">
            <marc:subfield code="a">text</marc:subfield>
            <marc:subfield code="b">txt</marc:subfield>
            <marc:subfield code="2">rdacontent</marc:subfield>
        </marc:datafield>
        <marc:datafield tag="337" ind1=" " ind2=" ">
            <marc:subfield code="a">unmediated</marc:subfield>
            <marc:subfield code="b">n</marc:subfield>
            <marc:subfield code="2">rdamedia</marc:subfield>
        </marc:datafield>
        <marc:datafield tag="338" ind1=" " ind2=" ">
            <marc:subfield code="a">sheet</marc:subfield>
            <marc:subfield code="b">nb</marc:subfield>
            <marc:subfield code="2">rdacarrier</marc:subfield>
        </marc:datafield>
        <marc:datafield tag="545" ind1=" " ind2=" ">
            <marc:subfield code="a">Poet; resident of St. Michaels, Md., and Louisville, Ky.</marc:subfield>
        </marc:datafield>
        <marc:datafield tag="520" ind1="8" ind2=" ">
            <marc:subfield code="a">Collection contains items related to Amelia's work and her close, extended family. Items related to her book, POEMS, include a subscription order form (undated, probably 1846) as well as two legal documents (1844, 1846) regarding copyright issues. There are also 13 newspaper articles (1901-1922 and undated) about Amelia and her work; a postcard showing her birthplace in St. Michael's, Md.; a black-and-white photograph of her burial plot in Louisville, Ky.; and an envelope with genealogical information, all undated.</marc:subfield>
        </marc:datafield>
        <marc:datafield tag="520" ind1="8" ind2=" ">
            <marc:subfield code="a">There are 6 letters (1838-1853) in the collection. The earliest is by Amelia (28 Jan. 1938) to her cousin, Thomas Martin. Amelia writes about what her relations think of her, the flattery she receives, the popularity of her poetry and her resulting fame, and her prospects for marriage. The next is by John Welby (26 March 1846) in Liverpool, England, to Amelia's husband, merchant George Welby, in Louisville, Ky. His topics include English politics, especially the elections of Gladstone and Pelham-Clinton; trade, including free trade and expected bad news regarding trade in the East Indies; and the effects of a recent snow on crops. The final letters are by George Welby to his brother, Thomas (5 Jan. 1853, 28 Feb. 1853, 9 July 1853), and to Thomas' wife and Amelia's sister, Mary (24 Nov. 1852), who are residents of St. Michael's, Md. George Welby's topics include the visits of relatives, travel plans for himself and other family members; the &quot;Lamdin case,&quot; a legal suit regarding a dispute over land; other business matters; the placement of a monument (possibly the one on Amelia's grave); the prospects for sale of his farm so that he might relocate to St. Michael's; the potential sale of whiskey shipped to Thomas. He recommends that Thomas avoid purchasing machinery for use on his farm and shares his dismay regarding the difficulty of finding drinking company on Maryland's Eastern Shore. However, his main theme is the newborn son he is raising since Amelia's death, including the resulting difficulties of housekeeping, the portrait being painted of the boy, his love for the child, and his inability to be separated from this last link to Amelia or to entertain the suggestion that Mary and Thomas should raise the boy.</marc:subfield>
        </marc:datafield>
        <marc:datafield tag="500" ind1=" " ind2=" ">
            <marc:subfield code="a">Cataloged from items.</marc:subfield>
        </marc:datafield>
        <marc:datafield tag="500" ind1=" " ind2=" ">
            <marc:subfield code="a">For material cataloged separately, search &quot;From the Amelia Ball Coppuck Welby Papers&quot; as keyword phrase.</marc:subfield>
        </marc:datafield>
        <marc:datafield tag="541" ind1=" " ind2=" ">
            <marc:subfield code="c">Gift</marc:subfield>
            <marc:subfield code="d">2007;</marc:subfield>
            <marc:subfield code="e">2007-0012</marc:subfield>
            <marc:subfield code="n">.1</marc:subfield>
            <marc:subfield code="o">lin. ft.</marc:subfield>
            <marc:subfield code="a">.</marc:subfield>
        </marc:datafield>
        <marc:datafield tag="600" ind1="0" ind2="0">
            <marc:subfield code="a">Amelia,</marc:subfield>
            <marc:subfield code="d">1819-1852.</marc:subfield>
        </marc:datafield>
        <marc:datafield tag="600" ind1="0" ind2="0">
            <marc:subfield code="a">Amelia,</marc:subfield>
            <marc:subfield code="d">1819-1852.</marc:subfield>
            <marc:subfield code="t">Poems.</marc:subfield>
        </marc:datafield>
        <marc:datafield tag="600" ind1="0" ind2="0">
            <marc:subfield code="a">Amelia,</marc:subfield>
            <marc:subfield code="d">1819-1852</marc:subfield>
            <marc:subfield code="x">Family.</marc:subfield>
        </marc:datafield>
        <marc:datafield tag="600" ind1="1" ind2="0">
            <marc:subfield code="a">Martin, Thomas.</marc:subfield>
        </marc:datafield>
        <marc:datafield tag="600" ind1="1" ind2="0">
            <marc:subfield code="a">Welby, George</marc:subfield>
            <marc:subfield code="q">(George Clarence),</marc:subfield>
            <marc:subfield code="d">1812-</marc:subfield>
        </marc:datafield>
        <marc:datafield tag="600" ind1="1" ind2="0">
            <marc:subfield code="a">Welby, Thomas J.,</marc:subfield>
            <marc:subfield code="d">1814-</marc:subfield>
        </marc:datafield>
        <marc:datafield tag="600" ind1="1" ind2="0">
            <marc:subfield code="a">Welby, Mary Martin Coppuck,</marc:subfield>
            <marc:subfield code="d">1814-1906.</marc:subfield>
        </marc:datafield>
        <marc:datafield tag="600" ind1="1" ind2="0">
            <marc:subfield code="a">Gladstone, W. E.</marc:subfield>
            <marc:subfield code="q">(William Ewart),</marc:subfield>
            <marc:subfield code="d">1809-1898.</marc:subfield>
        </marc:datafield>
        <marc:datafield tag="600" ind1="1" ind2="0">
            <marc:subfield code="a">Newcastle, Henry Pelham Fiennes Pelham Clinton,</marc:subfield>
            <marc:subfield code="c">Duke of,</marc:subfield>
            <marc:subfield code="d">1785-1851.</marc:subfield>
        </marc:datafield>
        <marc:datafield tag="600" ind1="3" ind2="0">
            <marc:subfield code="a">Welby family.</marc:subfield>
        </marc:datafield>
        <marc:datafield tag="650" ind1=" " ind2="0">
            <marc:subfield code="a">Poets, American</marc:subfield>
            <marc:subfield code="y">19th century.</marc:subfield>
        </marc:datafield>
        <marc:datafield tag="650" ind1=" " ind2="0">
            <marc:subfield code="a">Poets, American</marc:subfield>
            <marc:subfield code="y">19th century</marc:subfield>
            <marc:subfield code="x">Family relationships.</marc:subfield>
        </marc:datafield>
        <marc:datafield tag="650" ind1=" " ind2="0">
            <marc:subfield code="a">Families</marc:subfield>
            <marc:subfield code="z">United States</marc:subfield>
            <marc:subfield code="y">19th century.</marc:subfield>
        </marc:datafield>
        <marc:datafield tag="650" ind1=" " ind2="0">
            <marc:subfield code="a">Fatherhood</marc:subfield>
            <marc:subfield code="z">United States</marc:subfield>
            <marc:subfield code="x">History</marc:subfield>
            <marc:subfield code="y">19th century.</marc:subfield>
        </marc:datafield>
        <marc:datafield tag="650" ind1=" " ind2="0">
            <marc:subfield code="a">Fathers</marc:subfield>
            <marc:subfield code="z">United States.</marc:subfield>
        </marc:datafield>
        <marc:datafield tag="650" ind1=" " ind2="0">
            <marc:subfield code="a">Property</marc:subfield>
            <marc:subfield code="z">United States</marc:subfield>
            <marc:subfield code="v">Cases.</marc:subfield>
        </marc:datafield>
        <marc:datafield tag="650" ind1=" " ind2="0">
            <marc:subfield code="a">Real property</marc:subfield>
            <marc:subfield code="z">United States</marc:subfield>
            <marc:subfield code="v">Cases.</marc:subfield>
        </marc:datafield>
        <marc:datafield tag="651" ind1=" " ind2="0">
            <marc:subfield code="a">Great Britain</marc:subfield>
            <marc:subfield code="x">Politics and government</marc:subfield>
            <marc:subfield code="y">1837-1901.</marc:subfield>
        </marc:datafield>
        <marc:datafield tag="651" ind1=" " ind2="0">
            <marc:subfield code="a">England</marc:subfield>
            <marc:subfield code="x">Commerce</marc:subfield>
            <marc:subfield code="x">History</marc:subfield>
            <marc:subfield code="y">19th century.</marc:subfield>
        </marc:datafield>
        <marc:datafield tag="651" ind1=" " ind2="0">
            <marc:subfield code="a">United States</marc:subfield>
            <marc:subfield code="x">Commerce</marc:subfield>
            <marc:subfield code="x">History</marc:subfield>
            <marc:subfield code="y">19th century.</marc:subfield>
        </marc:datafield>
        <marc:datafield tag="651" ind1=" " ind2="0">
            <marc:subfield code="a">St. Michael's Parish (Talbot County, Md.)</marc:subfield>
        </marc:datafield>
        <marc:datafield tag="651" ind1=" " ind2="0">
            <marc:subfield code="a">Louisville (Ky.)</marc:subfield>
            <marc:subfield code="x">History.</marc:subfield>
        </marc:datafield>
        <marc:datafield tag="655" ind1=" " ind2="7">
            <marc:subfield code="a">Photograph.</marc:subfield>
            <marc:subfield code="2">aat</marc:subfield>
        </marc:datafield>
        <marc:datafield tag="655" ind1=" " ind2="7">
            <marc:subfield code="a">Postcard.</marc:subfield>
            <marc:subfield code="2">aat</marc:subfield>
        </marc:datafield>
        <marc:datafield tag="655" ind1=" " ind2="7">
            <marc:subfield code="a">Black-and-white photograph.</marc:subfield>
            <marc:subfield code="2">aat</marc:subfield>
        </marc:datafield>
        <marc:datafield tag="700" ind1="1" ind2=" ">
            <marc:subfield code="a">Welby, George</marc:subfield>
            <marc:subfield code="q">(George Clarence),</marc:subfield>
            <marc:subfield code="d">1812- ,</marc:subfield>
            <marc:subfield code="e">correspondent.</marc:subfield>
        </marc:datafield>
    </marc:record>