
    <marc:record>
        <marc:leader>01397cpcaa2200301Ii 4500</marc:leader>
        <marc:controlfield tag="001">001586475</marc:controlfield>
        <marc:controlfield tag="005">20170106104019.0</marc:controlfield>
        <marc:controlfield tag="008">941004i18661879ncu                 eng d</marc:controlfield>
        <marc:datafield tag="035" ind1=" " ind2=" ">
            <marc:subfield code="a">31215155</marc:subfield>
        </marc:datafield>
        <marc:datafield tag="040" ind1=" " ind2=" ">
            <marc:subfield code="a">NDD</marc:subfield>
            <marc:subfield code="b">eng</marc:subfield>
            <marc:subfield code="e">rda</marc:subfield>
            <marc:subfield code="e">dacs</marc:subfield>
            <marc:subfield code="c">NDD</marc:subfield>
            <marc:subfield code="d">OCLCQ</marc:subfield>
            <marc:subfield code="d">OCLCG</marc:subfield>
            <marc:subfield code="d">OCLCQ</marc:subfield>
            <marc:subfield code="d">NDD</marc:subfield>
            <marc:subfield code="d">OCLCO</marc:subfield>
            <marc:subfield code="d">NDD</marc:subfield>
        </marc:datafield>
        <marc:datafield tag="041" ind1=" " ind2=" ">
            <marc:subfield code="a">eng</marc:subfield>
        </marc:datafield>
        <marc:datafield tag="043" ind1=" " ind2=" ">
            <marc:subfield code="a">n-us-nc</marc:subfield>
        </marc:datafield>
        <marc:datafield tag="049" ind1=" " ind2=" ">
            <marc:subfield code="a">NDDP</marc:subfield>
        </marc:datafield>
        <marc:datafield tag="100" ind1="1" ind2=" ">
            <marc:subfield code="a">Vance, Harriet Espy,</marc:subfield>
            <marc:subfield code="d">1832-1878,</marc:subfield>
            <marc:subfield code="e">creator.</marc:subfield>
        </marc:datafield>
        <marc:datafield tag="245" ind1="1" ind2="0">
            <marc:subfield code="a">Harriet Espy Vance letters,</marc:subfield>
            <marc:subfield code="f">1866-1879.</marc:subfield>
        </marc:datafield>
        <marc:datafield tag="264" ind1=" " ind2="0">
            <marc:subfield code="c">1866-1879.</marc:subfield>
        </marc:datafield>
        <marc:datafield tag="300" ind1=" " ind2=" ">
            <marc:subfield code="a">16</marc:subfield>
            <marc:subfield code="f">items.</marc:subfield>
        </marc:datafield>
        <marc:datafield tag="336" ind1=" " ind2=" ">
            <marc:subfield code="a">text</marc:subfield>
            <marc:subfield code="b">txt</marc:subfield>
            <marc:subfield code="2">rdacontent</marc:subfield>
        </marc:datafield>
        <marc:datafield tag="337" ind1=" " ind2=" ">
            <marc:subfield code="a">unmediated</marc:subfield>
            <marc:subfield code="b">n</marc:subfield>
            <marc:subfield code="2">rdamedia</marc:subfield>
        </marc:datafield>
        <marc:datafield tag="338" ind1=" " ind2=" ">
            <marc:subfield code="a">sheet</marc:subfield>
            <marc:subfield code="b">nb</marc:subfield>
            <marc:subfield code="2">rdacarrier</marc:subfield>
        </marc:datafield>
        <marc:datafield tag="545" ind1=" " ind2=" ">
            <marc:subfield code="a">Elizabeth Beatty (Johnston) Allison resided at &quot;Willow Branch&quot; in Turnersburg, North Carolina. Harriet N. (Espey) Vance, the first wife of Zebulon Baird Vance, was a close personal friend.</marc:subfield>
        </marc:datafield>
        <marc:datafield tag="520" ind1="8" ind2=" ">
            <marc:subfield code="a">Collection consists of letters written to Elizabeth Beatty Allison by Harriet N. (Espey) Vance, wife of Zebulon Baird Vance, and others of the Vance family. The correspondence deals chiefly with family and personal affairs and has little information about Vance's public life.</marc:subfield>
        </marc:datafield>
        <marc:datafield tag="500" ind1=" " ind2=" ">
            <marc:subfield code="a">Cataloged from Guide.</marc:subfield>
        </marc:datafield>
        <marc:datafield tag="650" ind1=" " ind2="0">
            <marc:subfield code="a">Women</marc:subfield>
            <marc:subfield code="z">North Carolina</marc:subfield>
            <marc:subfield code="x">History</marc:subfield>
            <marc:subfield code="y">19th century.</marc:subfield>
        </marc:datafield>
        <marc:datafield tag="651" ind1=" " ind2="0">
            <marc:subfield code="a">North Carolina</marc:subfield>
            <marc:subfield code="x">Social life and customs</marc:subfield>
            <marc:subfield code="y">1865-</marc:subfield>
        </marc:datafield>
        <marc:datafield tag="650" ind1=" " ind2="0">
            <marc:subfield code="a">Governors</marc:subfield>
            <marc:subfield code="z">North Carolina.</marc:subfield>
        </marc:datafield>
        <marc:datafield tag="600" ind1="1" ind2="0">
            <marc:subfield code="a">Vance, Zebulon Baird,</marc:subfield>
            <marc:subfield code="d">1830-1894.</marc:subfield>
        </marc:datafield>
        <marc:datafield tag="700" ind1="1" ind2=" ">
            <marc:subfield code="a">Allison, Elizabeth Beatty,</marc:subfield>
            <marc:subfield code="e">correspondent.</marc:subfield>
        </marc:datafield>
    </marc:record>